%YAML 1.1
%TAG !u! tag:unity3d.com,2011:
--- !u!1 &1070323066409763215
GameObject:
  m_ObjectHideFlags: 0
  m_CorrespondingSourceObject: {fileID: 0}
  m_PrefabInstance: {fileID: 0}
  m_PrefabAsset: {fileID: 0}
  serializedVersion: 6
  m_Component:
  - component: {fileID: 1070323066409763214}
  - component: {fileID: -1600860976630686985}
  - component: {fileID: 6236555295113567690}
  - component: {fileID: -4337015145717494028}
  - component: {fileID: -5868247225195906703}
  - component: {fileID: 3344641133157757203}
  m_Layer: 0
  m_Name: Generated Cylinder Prefab
  m_TagString: Untagged
  m_Icon: {fileID: 0}
  m_NavMeshLayer: 0
  m_StaticEditorFlags: 0
  m_IsActive: 1
--- !u!4 &1070323066409763214
Transform:
  m_ObjectHideFlags: 0
  m_CorrespondingSourceObject: {fileID: 0}
  m_PrefabInstance: {fileID: 0}
  m_PrefabAsset: {fileID: 0}
  m_GameObject: {fileID: 1070323066409763215}
  m_LocalRotation: {x: 0, y: 0, z: 0, w: 1}
  m_LocalPosition: {x: 0, y: 0, z: 0}
  m_LocalScale: {x: 1, y: 1, z: 1}
  m_Children: []
  m_Father: {fileID: 0}
  m_RootOrder: 0
  m_LocalEulerAnglesHint: {x: 0, y: 0, z: 0}
--- !u!33 &-1600860976630686985
MeshFilter:
  m_ObjectHideFlags: 0
  m_CorrespondingSourceObject: {fileID: 0}
  m_PrefabInstance: {fileID: 0}
  m_PrefabAsset: {fileID: 0}
  m_GameObject: {fileID: 1070323066409763215}
  m_Mesh: {fileID: 0}
--- !u!23 &6236555295113567690
MeshRenderer:
  m_ObjectHideFlags: 0
  m_CorrespondingSourceObject: {fileID: 0}
  m_PrefabInstance: {fileID: 0}
  m_PrefabAsset: {fileID: 0}
  m_GameObject: {fileID: 1070323066409763215}
  m_Enabled: 1
  m_CastShadows: 1
  m_ReceiveShadows: 1
  m_DynamicOccludee: 1
  m_MotionVectors: 1
  m_LightProbeUsage: 1
  m_ReflectionProbeUsage: 1
  m_RayTracingMode: 2
  m_RayTraceProcedural: 0
  m_RenderingLayerMask: 1
  m_RendererPriority: 0
  m_Materials:
  - {fileID: 0}
  m_StaticBatchInfo:
    firstSubMesh: 0
    subMeshCount: 0
  m_StaticBatchRoot: {fileID: 0}
  m_ProbeAnchor: {fileID: 0}
  m_LightProbeVolumeOverride: {fileID: 0}
  m_ScaleInLightmap: 1
  m_ReceiveGI: 1
  m_PreserveUVs: 0
  m_IgnoreNormalsForChartDetection: 0
  m_ImportantGI: 0
  m_StitchLightmapSeams: 1
  m_SelectedEditorRenderState: 3
  m_MinimumChartSize: 4
  m_AutoUVMaxDistance: 0.5
  m_AutoUVMaxAngle: 89
  m_LightmapParameters: {fileID: 0}
  m_SortingLayerID: 0
  m_SortingLayer: 0
  m_SortingOrder: 0
  m_AdditionalVertexStreams: {fileID: 0}
--- !u!114 &-4337015145717494028
MonoBehaviour:
  m_ObjectHideFlags: 0
  m_CorrespondingSourceObject: {fileID: 0}
  m_PrefabInstance: {fileID: 0}
  m_PrefabAsset: {fileID: 0}
  m_GameObject: {fileID: 1070323066409763215}
  m_Enabled: 1
  m_EditorHideFlags: 0
  m_Script: {fileID: 11500000, guid: f8cda9ed2ad6a8b4781166236afc26b3, type: 3}
  m_Name: 
  m_EditorClassIdentifier: 
--- !u!114 &-5868247225195906703
MonoBehaviour:
  m_ObjectHideFlags: 0
  m_CorrespondingSourceObject: {fileID: 0}
  m_PrefabInstance: {fileID: 0}
  m_PrefabAsset: {fileID: 0}
  m_GameObject: {fileID: 1070323066409763215}
  m_Enabled: 1
  m_EditorHideFlags: 0
  m_Script: {fileID: 11500000, guid: 1a85c5879d519aa4ab2ebbf42591149a, type: 3}
  m_Name: 
  m_EditorClassIdentifier: 
  nodes:
  - position: {x: 5, y: 0, z: 0}
    direction: {x: 5, y: 0, z: -3}
    up: {x: 0, y: 1, z: 0}
    scale: {x: 1, y: 1}
    roll: 0
  - position: {x: 10, y: 0, z: 0}
    direction: {x: 10, y: 0, z: 3}
    up: {x: 0, y: 1, z: 0}
    scale: {x: 1, y: 1}
    roll: 0
  curves:
  - n1:
      position: {x: 5, y: 0, z: 0}
      direction: {x: 5, y: 0, z: -3}
      up: {x: 0, y: 1, z: 0}
      scale: {x: 1, y: 1}
      roll: 0
    n2:
      position: {x: 10, y: 0, z: 0}
      direction: {x: 10, y: 0, z: 3}
      up: {x: 0, y: 1, z: 0}
      scale: {x: 1, y: 1}
      roll: 0
    Changed:
      m_PersistentCalls:
        m_Calls: []
  Length: 7.5348897
  isLoop: 0
  CurveChanged:
    m_PersistentCalls:
      m_Calls: []
--- !u!114 &3344641133157757203
MonoBehaviour:
  m_ObjectHideFlags: 0
  m_CorrespondingSourceObject: {fileID: 0}
  m_PrefabInstance: {fileID: 0}
  m_PrefabAsset: {fileID: 0}
  m_GameObject: {fileID: 1070323066409763215}
  m_Enabled: 1
  m_EditorHideFlags: 0
  m_Script: {fileID: 11500000, guid: b96873e7bf644d10bec54a850342458e, type: 3}
  m_Name: 
  m_EditorClassIdentifier: 
  _material: {fileID: 2100000, guid: 676016ee74ee92d41842296b5c946954, type: 2}
  _mesh: {fileID: 4300000, guid: 500594a39d643774c8e028335ee33da7, type: 3}
  _rotation: {x: 0, y: 90, z: 0}
  _scale: {x: 1, y: 1, z: 0.5}
